<?xml version="1.0" encoding="UTF-8"?><record xmlns="http://www.loc.gov/MARC21/slim" xmlns:cinclude="http://apache.org/cocoon/include/1.0" xmlns:zs="http://www.loc.gov/zing/srw/">
  <leader>00339nz  a2200133n  4500</leader>
  <controlfield tag="001">no2008185769</controlfield>
  <controlfield tag="003">DLC</controlfield>
  <controlfield tag="005">20081218081615.0</controlfield>
  <controlfield tag="008">081216n| acannaabn          |n aaa     c</controlfield>
  <datafield tag="010" ind1=" " ind2=" ">
    <subfield code="a">no2008185769</subfield>
  </datafield>
  <datafield tag="035" ind1=" " ind2=" ">
    <subfield code="a">(OCoLC)oca07966931</subfield>
  </datafield>
  <datafield tag="040" ind1=" " ind2=" ">
    <subfield code="a">MtK</subfield>
    <subfield code="b">eng</subfield>
    <subfield code="c">MtK</subfield>
  </datafield>
  <datafield tag="100" ind1="1" ind2=" ">
    <subfield code="a">Smith, Joan G.</subfield>
  </datafield>
  <datafield tag="670" ind1=" " ind2=" ">
    <subfield code="a">Books worth a look, c2008:</subfield>
    <subfield code="b">t.p. (Joan G. Smith)</subfield>
  </datafield>
</record>